@BOOK{bk_key,
	Author					= {Some Author},
	Title					= {Some Title},
	Publisher				= {Some Publisher},
	Year					= {Year},
	Edition					= {Number},
	ISBN					= {Some ISBN}
}

@Unpublished{up_key,
	Title                    = {Some Title},
	Author                   = {Who write it},
	Note                     = {URL if it is online},
	Year                     = {Year}
}

@Unpublished{apachehistory,
	Title                    = {History},
	Author                   = {The Apache Software Foundation},
	Note                     = {http://cloudstack.apache.org/history.html},
	Year                     = {2014}
}

@Unpublished{apacheusers,
	Title                    = {Users},
	Author                   = {The Apache Software Foundation},
	Note                     = {http://cloudstack.apache.org/users.html},
	Year                     = {2014}
}


